
@article{lancichinettiBenchmarkGraphsTesting2008b,
  archivePrefix = {arXiv},
  eprinttype = {arxiv},
  eprint = {0805.4770},
  title = {Benchmark Graphs for Testing Community Detection Algorithms},
  volume = {78},
  issn = {1539-3755, 1550-2376},
  language = {en},
  number = {4},
  journal = {Physical Review E},
  doi = {10.1103/PhysRevE.78.046110},
  author = {Lancichinetti, Andrea and Fortunato, Santo and Radicchi, Filippo},
  month = oct,
  year = {2008},
  keywords = {Physics - Physics and Society,Physics - Computational Physics},
  pages = {046110}
}


